@inbook{B2006经典力学的数学方法,
  title={经典力学的数学方法},
  author={B.И.阿诺尔德 and 阿诺尔德 and 齐民友},
  publisher={高等教育出版社},
  year={2006},
  pages={18-21}
}
@inbook{Landau2007mechanics,
  title={理论物理学教程:力学},
  author={朗道 and 栗弗席兹 and 李俊峰},
  publisher={高等教育出版社},
  year={2007},
  pages={32-34, 73 - 76}
}
@inbook{Goldstein2000Classical,
  title={Classical Mechanics 23rd ed},
  author={Herbert Goldstein and Charles Poole and John Safko},
  publisher={Addison Wesley},
  year={2000},
  pages={368-421}
}