@book{MQM,
  author = {J. J. Sakurai and Jim Napoltano}, 
  title = {Modern Quantum Mechanics},
  publisher = {Addsion-Wesley},
  year = 2011,
  chapter = 2,
}
