@inbook{Goldstein2000Classical,
  title={Classical Mechanics 23rd ed},
  author={Herbert Goldstein and Charles Poole and John Safko},
  publisher={Addison Wesley},
  year={2000},
  pages={368-375}
}
@inbook{丁同仁2004常微分方程教程,
  title={常微分方程教程},
  author={丁同仁 and 李承治},
  publisher={高等教育出版社},
  year={2004},
  pages={63-64}
}
@inbook{丁同仁2004常微分方程教程2,
  title={常微分方程教程},
  author={丁同仁 and 李承治},
  publisher={高等教育出版社},
  year={2004},
  pages={148-152}
}
@inbook{Tuckerman2010Statistical,
  title={Statistical mechanics: theory and molecular simulation},
  author={ Mark E. Tuckerman },
  publisher={Oxford University Press},
  year={2010},
  pages={61-63},
}
@inbook{Tuckerman2010Statistical2,
  title={Statistical mechanics: theory and molecular simulation},
  author={ Mark E. Tuckerman },
  publisher={Oxford University Press},
  year={2010},
  pages={65-70},
}
