@inbook{蒋鸿中物化:含时微扰,
  title={中级物理化学（第2版）},
  author={赵新生 and 蒋鸿},
  publisher={北京大学出版社},
  year={2019},
  pages={89-92}
}