@article{
    quantumphasespace,
    title = {Theory and Application of the Quantum Phase-Space Distribution Functions},
    author = {Lee Hai-Woong},
    journal = {Physics Reports},
    year = {1995}, 
    volume = {259},
    pages = {147-211},
}