@inbook{费曼量子力学与路径积分,
  title={量子力学与路径积分},
  author={R.P.费曼 and A.R.希布斯 and 张邦固},
  publisher={高等教育出版社},
  year={2015},
  pages={31-56}
}
@inbook{谷村吉隆化学物理入门,
  title={化学物理入門},
  author={谷村吉隆},
  publisher={サイエンス社},
  year={2002},
  pages={15-42}
}
@inbook{刘川理力,
  title={理论力学},
  author={刘川},
  publisher={北京大学出版社},
  year={2019},
  pages={22}
}

@book{Kleinnert_PIQMSPP,
  title={Path Integrals in quantum mechanics, statistics and polymer physics},
  author={H. Kleinnert},
  publisher={World Scientific},
  year={1995}
}
@book{Grosche_HFPI,
  title={Handbook of Feynman Path Integrals},
  author={C. Grosche and F. Steiner},
  publisher={Springer},
  year={1998}
}